%opdracht pakkethondje
@misc{beek_2020_opdracht, title={Pakkethondje}, url={https://project.3me.tudelft.nl/Pakkethondje/index.htm}, journal={Pakkethondje}, author={Beek, Anton van}, year={2020}}

%wedstijdregelement
@misc{beek_2020_wedstrijdregelement, title={Wedstrijdregelement}, url={https://project.3me.tudelft.nl/Pakkethondje/reglement.htm}, author={Beek, Anton van}, year={2020}}

%%morfologische kaart
@misc{lodeweegs, title={Morfologische kaart}, url={https://www.ipowindesheim.nl/toolbox/morfologische-kaart/}, journal={Toolbox voor Ontwerpers IPO Windesheim}, author={Lodeweegs, Bas}}

%Pitney Bowes global parcel index
@misc{pitney_bowes_2018, title={Pitney Bowes Parcel Shipping Index}, url={https://www.pitneybowes.com/us/shipping-index.html}, journal={Pitney Bowes}, year={2018}, author={Spadafora, John}}

%Parcel medische klachten
@misc{hurley_marshall_hogan_wells_2012, title={A comparison of productivity and physical demands during parcel delivery using a standard and a prototype electric courier truck}, url={https://www.sciencedirect.com/science/article/pii/S0169814112000443}, journal={International Journal of Industrial Ergonomics}, publisher={Elsevier}, author={Hurley, Kevin and Marshall, Jennifer and Hogan, Kelly and Wells, Richard}, year={2012}, month={May}}

%%prijs RC zendertjes
@misc{amazon.de_RC_REMOTE, title={AZDelivery}, url={https://www.amazon.de/gp/product/B075DBDS3J/ref=ppx_yo_dt_b_asin_title_o02_s00?ie=UTF8&th=1}, journal={Amazon.de: Gewerbe, Industrie & Wissenschaft}, year={2020}}

%%weighted criteria
@misc{hanus_hagger_proffitt_barnes, author={Hanus, Peter and Hagger, Paul and Proffitt, Zach and Barnes, Gordon}}

%Zwaard Delft
@misc{zwaard_delft, title={Polvo B.V.}, url={https://www.polvobv.nl/nl-nl/zwaard-delft}, journal={Zwaard Delft}}

%Conrad
@misc{Conrad, title={Conrad Electronic}, url={https://www.conrad.nl/}, journal={Conrad}}

%Ackermann steering
@article{Stuurmechanisme, title={Analysis of Ackermann Steering Geometry}, DOI={10.4271/2006-01-3638}, journal={SAE Technical Paper Series}, author={Mitchell, Wm. C. and Staniforth, Allan and Scott, Ian}, year={2006}, month={May}}

%% ACCREx

@book{coelho_2011, place={Rijeka, Croatia}, title={Industrial design: new frontiers}, publisher={InTech}, author={Coelho, Denis A.}, year={2011}}

%%Accu prijzen

@misc{123accu.nl, title={123accu.nl}, url={https://www.123accu.nl/Compex-941210-4H-AA1500-accu-2000-mAh-123accu-huismerk-i30726.html?mkwid=sZSzo9vvv_dc|pcrid|301565316883|pkw||pmt||slid||prid|ACO00378_4894128116097&pgrid=64202838470&ptaid=pla-537897737742&gclid=Cj0KCQjw0pfzBRCOARIsANi0g0sjYN4GzXMnAm6T0rVEC-LYYQw4KMN__5xkx99T2hBYqn1Nj35H9bcaAsyBEALw_wcB}, journal={123accu.nl}}

%%Mars lander

@misc{r.g._bonitz_nguyen_kim_bonitz_folkner_golombek_olson_spohn_grott_et_al._1970, title={InSight Mars Lander Robotics Instrument Deployment System}, url={https://link.springer.com/article/10.1007/s11214-018-0520-7}, journal={Space Science Reviews}, publisher={Springer Netherlands}, author={Trebi-Ollenu and Bonitz and Nguyen and Kim and Bonitz and Folkner and Golombek and Olson and Spohn and Grott and et al.}, year={1970}, month={Jan}}

%% Ackermann foto's
@article{king-hele_2002, title={Erasmus Darwins improved design for steering carriages––and cars}, volume={56}, DOI={10.1098/rsnr.2002.0166}, number={1}, journal={Notes and Records of the Royal Society of London}, author={King-Hele, D.}, year={2002}, pages={41–62}}

% Ackermann foto's 2.0
@misc{dingle_2019, title={Ackermann-principe}, url={https://nl.wikipedia.org/wiki/Ackermann-principe#/media/Bestand:Ackermann_turning.svg}, journal={Wikipedia}, publisher={Wikimedia Foundation}, author={Dingle, Andy}, year={2019}, month={Nov}}

%%Bronnen voor koopdelen:

% 18v batterij
@misc{amazon.nl, title={EsportsMJJ 18V 3.0Ah Lithium Battery Protection PCB Board voor Makita BL1840 BL1830 BL1830}, url={https://www.amazon.nl/EsportsMJJ-Lithium-Battery-Protection-Makita/dp/B07M7JW421/ref=sr_1_2?__mk_nl_NL=ÅMÅŽÕÑ&keywords=18v+battery&qid=1584971048&sr=8-2}, journal={Amazon.nl}}

% Glijlager
@misc{electronic, title={igus GFM-0608-06 Glijlager Boordiameter 6 mm}, url={https://www.conrad.nl/p/igus-gfm-0608-06-glijlager-boordiameter-6-mm-1416573}, journal={Conrad}, author={Electronic, Conrad}}

%%Onderkant wielen
@misc{zwenkwielen_kopen_koop_nu_voordelig_ieder_zwenkwiel_online, title={Los wiel 100 mm tpr band glijlager}, url={https://www.zwenkwielen.net/los-wiel-100-mm-tpr-band-glijlager?gclid=Cj0KCQjwsYb0BRCOARIsAHbLPhGX_cmzWmbTJovKYo_W4vqJ2xPb22PI-ub4ADSxR-IfGSV6FalmpiIaAgeXEALw_wcB}, journal={Zwenkwielen kopen? Koop nu voordelig ieder zwenkwiel online}}

%Kokerprofielen
@misc{aluminium_op_maat, title={Vierkante buis}, url={https://www.aluminiumopmaat.nl/aluminium-buizen/aluminium-buis-vierkant.html}, journal={Aluminium op maat}}

%Borgringen
@misc{hornbach, title={DRESSELHAUS Borgring 6 mm DIN 6799 staal, 100 stuks}, url={https://www.hornbach.nl/shop/DREssELHAUS-Borgring-6-mm-DIN-6799-staal-100-stuks/7633148/artikel.html}, journal={hornbach}}

%Boven kant wielen
@misc{wielenoutlet, title={Wieltjes voor al uw meubels koopt u snel Online bij WielenOutlet}, url={https://www.wielenoutlet.nl/meubelwieltjes-m3-50.html?source=googlebase&gclid=CjwKCAjwvOHzBRBoEiwA48i6AgOWpU3VIqdU1KTBZ2aO3otvyGqP8LlrWgKArblv-tbejIt7cTgXBRoCZLQQAvD_BwE}, journal={WielenOutlet}}

% aluminium blokjes
@misc{ijzershop.nl, title={aluminium blok 100x50x25mm kopen? Slechts € 5,69 incl. BTW}, url={https://www.ijzershop.nl/aluminium-blok/4265-aluminium-freesblok-100x50x25.html?gclid=CjwKCAjwvOHzBRBoEiwA48i6AjxmfD-DxabWnUIyHXBNUAN0ifeHNLHWEuSzFBF5VgzIEQx-KXfPoRoCsV4QAvD_BwE}, journal={ijzershop.nl}}

%trapeziumdraad:
@misc{123, title={3D-printers: kits: parts: filament}, url={https://www.123-3d.nl/123-3D-Leadscrew-TR8x2-8-mm-100-cm-i2252-t9712.html?mkwid=sUHDk9lFI_dc|pcrid|301311135541|pkw||pmt||slid||prid|DLS00009_8718237055312_&pgrid=63047612794&ptaid=pla-347448349375&gclid=CjwKCAjwvOHzBRBoEiwA48i6AhUXz0IvzlFwoRFXnU_P3OWIOSThcjzoHmbkrn5QmXxMg47AvZl_kxoCuJ0QAvD_BwE}, journal={123}}

% As
@misc{ijzershop.nl, title={aluminium blok 100x50x25mm kopen? Slechts € 5,69 incl. BTW}, url={https://www.ijzershop.nl/aluminium-blok/4265-aluminium-freesblok-100x50x25.html?gclid=CjwKCAjwvOHzBRBoEiwA48i6AjxmfD-DxabWnUIyHXBNUAN0ifeHNLHWEuSzFBF5VgzIEQx-KXfPoRoCsV4QAvD_BwE}, journal={ijzershop.nl}}

%Bouten:
@misc{gamma, title={GAMMA metaalschroef M4 x 20mm cilinderkop verzinkt 15 stuks kopen?: bouten}, url={https://www.gamma.nl/assortiment/gamma-metaalschroef-m4-x-20mm-cilinderkop-verzinkt-15-stuks/p/B458192}, journal={GAMMA}}

%Borgmoertjes
@misc{gamma, title={GAMMA borgmoer M5 verzinkt 8 stuks kopen?: moeren}, url={https://www.gamma.nl/assortiment/gamma-borgmoer-m5-verzinkt-8-stuks/p/B458289}, journal={GAMMA}}

%% Bibtex style generator:

%% https://www.citationmachine.net/bibtex/cite-a-website